<?xml version="1.0" encoding="UTF-8"?><collection xmlns="http://www.loc.gov/MARC21/slim"><record><leader>00593nam--2200169-i-4500</leader><controlfield tag="001">000030340</controlfield><controlfield tag="002">20161230</controlfield><controlfield tag="005">20170304212526</controlfield><controlfield tag="008">060222s1000------------r-----000-0-eng-d</controlfield><datafield ind1=" " ind2=" " tag="040"><subfield code="a">IFIN-HH</subfield></datafield><datafield ind1=" " ind2=" " tag="080"><subfield code="a">539.2</subfield></datafield><datafield ind1="1" ind2=" " tag="100"><subfield code="a">Wright, George B</subfield></datafield><datafield ind1="1" ind2="0" tag="245"><subfield code="a">Light scattering spectra of solids</subfield><subfield code="b">Proceedings of the International Conference on light scattering spectra of solids held at: New York University, New York September 3, 4, 5, 6, 1968</subfield><subfield code="c">George B. Wright (ed.)</subfield></datafield><datafield ind1=" " ind2=" " tag="260"><subfield code="a">Berlin</subfield><subfield code="b">Springer-verlag</subfield><subfield code="c">1969</subfield></datafield><datafield ind1=" " ind2=" " tag="300"><subfield code="a">XVIII+763 p</subfield></datafield><datafield ind1=" " ind2=" " tag="852"><subfield code="a">32185</subfield><subfield code="c">539.2</subfield></datafield><datafield ind1=" " ind2=" " tag="CAT"><subfield code="a">SYS</subfield><subfield code="c">20170304</subfield><subfield code="h">212526</subfield></datafield></record></collection>